@book{Dodelson,
	author = {Dodelson, Scott},
	title = {{Modern Cosmology}}
}

@book{Schulz,
	author = {Schulz, Frederic},
	title = {{Lecture on General Relativity}}
}
